
@article{oubelkheir2007,
	title = {Partitioning total spectral absorption in phytoplankton and colored detrital material contributions},
	author = {{Oubelkheir}, {Kadija} and {Claustre}, {Herv√©} and {Bricaud}, {Annick} and {Babin}, {Marcel}},
	year = {2007},
	month = {11},
	date = {2007-11},
	journal = {Limnology and Oceanography: Methods},
	pages = {384--395},
	volume = {5},
	number = {11},
	doi = {10.4319/lom.2007.5.384},
	url = {http://doi.wiley.com/10.4319/lom.2007.5.384},
	langid = {en}
}

@article{Babin2003,
	title = {Variations in the light absorption coefficients of phytoplankton, nonalgal particles, and dissolved organic matter in coastal waters around Europe},
	author = {{Babin}, {Marcel}},
	year = {2003},
	date = {2003},
	journal = {Journal of Geophysical Research},
	pages = {3211},
	volume = {108},
	number = {C7},
	doi = {10.1029/2001JC000882},
	url = {http://doi.wiley.com/10.1029/2001JC000882},
	note = {Citation Key: Babin2003}
}
